@article{harvey2022birds,
title={Birds can transition between stable and unstable states via wing morphing},
author={Harvey, C. and Baliga, V. B. and Wong, J. C. M. and Altshuler, D. L. and Inman, D. J.},
journal={Nature},
volume={603},
number={7902},
pages={648--653},
year={2022},
}

@article{withers1981aerodynamic,
title={An aerodynamic analysis of bird wings as fixed aerofoils},
author={Withers, P. C.},
journal={Journal of Experimental Biology},
volume={90},
number={1},
pages={143--162},
year={1981},
}

@phdthesis{bachmann2010anatomical,
title={Anatomical, morphometrical and biomechanical studies of barn owls' and pigeons' wings},
author={Bachmann, T. W.},
year={2010},
school={Aachen, Techn. Hochsch., Diss., 2010}
}


@article{bachmann2012flexural,
title={Flexural stiffness of feather shafts: geometry rules over material properties},
author={Bachmann, T. and Emmerlich, J. and Baumgartner, W. and Schneider, J. M. and Wagner, H.},
journal={Journal of Experimental Biology},
volume={215},
number={3},
pages={405--415},
year={2012},
publisher={Company of Biologists}
}


@article{jaworski2020aeroacoustics,
title={Aeroacoustics of silent owl flight},
author={Jaworski, J. W and Peake, N.},
journal={Annual Review of Fluid Mechanics},
volume={52},
pages={395--420},
year={2020},
publisher={Annual Reviews}
}


@inproceedings{geyer2016silent,
title={Silent owl flight: The effect of the leading edge comb on the gliding flight noise},
author={Geyer, T. F. and Claus, V. T and Sarradj, E.},
booktitle={22nd AIAA/CEAS Aeroacoustics Conference},
pages={3017},
year={2016}
}

@article{hedenstrom2017wind,
title={Wind tunnel as a tool in bird migration research},
author={Hedenstr{\"o}m, A. and Lindstr{\"o}m, {\AA}.},
journal={Journal of Avian Biology},
volume={48},
number={1},
pages={37--48},
year={2017},
publisher={Wiley Online Library}
}

@inproceedings{ananda2018aerodynamic,
title={Aerodynamic design of the 13.2 {MW SUMR-13i} wind turbine rotor},
author={Ananda, G. K. and Bansal, S. and Selig, M. S.},
booktitle={2018 Wind Energy Symposium},
pages={0994},
year={2018}
}


@misc{AirfoilDesignSoftwarefortheWeb,
title = {{An Overview of PROFOIL-WWW}},
author = {{Airfoil Design Software for the Web} and {Michael S. S.} and {UIUC Applied Aerodynamics Group} and {Department of Aerospace Engineering} and University of Illinois at Urbana-Champaign, Urbana, Illinois 61801},
url = {http://www.profoil.org/profoil/010-overview.html}
}


@article{harvey2022review,
title={A review of avian-inspired morphing for {UAV} flight control},
author={Harvey, C. and Gamble, L. L and Bolander, C. R. and Hunsaker, D. F. and Joo, J. J. and Inman, D. J.},
journal={Progress in Aerospace Sciences},
volume={132},
pages={100825},
year={2022},
publisher={Elsevier}
}

@inproceedings{gamble2020aeroelastic,
title={Aeroelastic Design and Analysis of a Bioinspired Flexible Airfoil},
author={Gamble, L. L. and Inman, D. J.},
booktitle={AIAA Scitech 2020 Forum},
pages={1540},
year={2020}
}

@article{gamble2020load,
title={Load alleviation of feather-inspired compliant airfoils for instantaneous flow control},
author={Gamble, L.  L. and Harvey, C. and Inman, D. J.},
journal={Bioinspiration \& Biomimetics},
volume={15},
number={5},
pages={056010},
year={2020},
publisher={IOP Publishing}
}


@article{abdessemed2018morphing,
title={Morphing airfoils analysis using dynamic meshing},
author={Abdessemed, C. and Yao, Y. and Bouferrouk, A. and Narayan, P.},
journal={International Journal of Numerical Methods for Heat \& Fluid Flow},
year={2018},
publisher={Emerald Publishing Limited}
}

@article{murayama2021flexible,
title={Flexible flaps inspired by avian feathers can enhance aerodynamic robustness in low {R}eynolds number airfoils},
author={Murayama, Y. and Nakata, T. and Liu, H.},
journal={Frontiers in Bioengineering and Biotechnology},
volume={9},
pages={374},
year={2021},
publisher={Frontiers}
}

@inproceedings{boughou2022low,
title={Low {R}eynolds Number effect on {CFD} prediction of Bio--Inspired Aerodynamics},
author={Boughou, S. and Omar, A. A and Elsayed, O. and Boukharfane, R. and Aldheeb, M.},
booktitle={AIAA SCITECH 2022 Forum},
pages={1965},
year={2022}
}

@article{cardiff2014large,
title={A large strain finite volume method for orthotropic bodies with general material orientations},
author={Cardiff, P. and Kara{\v{c}}, A. and Ivankovi{\'c}, A.},
journal={Computer Methods in Applied Mechanics and Engineering},
volume={268},
pages={318--335},
year={2014},
publisher={Elsevier}
}

@article{cardiff2018open,
title={An open-source finite volume toolbox for solid mechanics and fluid-solid interaction simulations},
author={Cardiff, P. and Kara{\v{c}}, A. and De Jaeger, P. and Jasak, H. and Nagy, J. and Ivankovi{\'c}, A. and Tukovi{\'c}, {\v{Z}}.},
journal={arXiv preprint arXiv:1808.10736},
year={2018}
}

@inproceedings{ananda2018design,
title={Design of bird-like airfoils},
author={Ananda, G. K. and Selig, M. S.},
booktitle={2018 AIAA Aerospace Sciences Meeting},
pages={0310},
year={2018}
}

@inproceedings{liu2004avian,
title={Avian wings},
author={Liu, T. and Kuykendoll, K. and Rhew, R. and Jones, S.},
booktitle={24th AIAA aerodynamic measurement technology and ground testing conference},
pages={2186},
year={2004}
}

@inproceedings{tukovic2014openfoam,
title={OpenFOAM library for fluid structure interaction},
author={Tukovic, Z. and Cardiff, P. and Karac, A. and Jasak, H. and Ivankovic, A.},
booktitle={9th Openfoam Workshop},
volume={710},
year={2014}
}